@article{Demsar2016BalancedMixture,
    title = {{A Balanced Mixture of Antagonistic Pressures Promotes the Evolution of Parallel Movement}},
    year = {2016},
    journal = {Scientific Reports},
    author = {Dem{\v{s}}ar, Jure and {\v{S}}trumbelj, Erik and Lebar Bajec, Iztok},
    volume = {6},
    doi = {10.1038/srep39428}
}

@article{Demsar2017LinguisticEvolution,
    title = {{Evolution of Collective Behaviour in an Artificial World Using Linguistic Fuzzy Rule-Based Systems}},
    year = {2017},
    journal = {PLoS ONE},
    author = {Dem{\v{s}}ar, Jure and Lebar Bajec, Iztok},
    number = {1},
    pages = {1--20},
    volume = {12},
    doi = {10.1371/journal.pone.0168876}
}

@misc{bang,
      title={A Multitask, Multilingual, Multimodal Evaluation of ChatGPT on Reasoning, Hallucination, and Interactivity}, 
      author={Yejin Bang and Samuel Cahyawijaya and Nayeon Lee and Wenliang Dai and Dan Su and Bryan Wilie and Holy Lovenia and Ziwei Ji and Tiezheng Yu and Willy Chung and Quyet V. Do and Yan Xu and Pascale Fung},
      year={2023},
      eprint={2302.04023},
      archivePrefix={arXiv},
      primaryClass={cs.CL},
      url={https://arxiv.org/abs/2302.04023}, 
}

@misc{cao,
      title={Factual Error Correction for Abstractive Summarization Models}, 
      author={Meng Cao and Yue Dong and Jiapeng Wu and Jackie Chi Kit Cheung},
      year={2021},
      eprint={2010.08712},
      archivePrefix={arXiv},
      primaryClass={cs.CL},
      url={https://arxiv.org/abs/2010.08712}, 
}

@misc{guu,
      title={REALM: Retrieval-Augmented Language Model Pre-Training}, 
      author={Kelvin Guu and Kenton Lee and Zora Tung and Panupong Pasupat and Ming-Wei Chang},
      year={2020},
      eprint={2002.08909},
      archivePrefix={arXiv},
      primaryClass={cs.CL},
      url={https://arxiv.org/abs/2002.08909}, 
}

@misc{gao,
      title={Retrieval-Augmented Generation for Large Language Models: A Survey}, 
      author={Yunfan Gao and Yun Xiong and Xinyu Gao and Kangxiang Jia and Jinliu Pan and Yuxi Bi and Yi Dai and Jiawei Sun and Meng Wang and Haofen Wang},
      year={2024},
      eprint={2312.10997},
      archivePrefix={arXiv},
      primaryClass={cs.CL},
      url={https://arxiv.org/abs/2312.10997}, 
}

@misc{chen,
      title={Benchmarking Large Language Models in Retrieval-Augmented Generation}, 
      author={Jiawei Chen and Hongyu Lin and Xianpei Han and Le Sun},
      year={2023},
      eprint={2309.01431},
      archivePrefix={arXiv},
      primaryClass={cs.CL},
      url={https://arxiv.org/abs/2309.01431}, 
}